@INPROCEEDINGS{Wang03,
    author = "A. Wang",
    title = "An industrial-strength audio search algorithm",
    booktitle = "ISMIR Proceedings",
    venue = "Baltimore",
    year = "2003"
}

@INPROCEEDINGS{Haitsma02,
    author = {J. Haitsma and T. Kalker and J. Oostveen},
    title = {Robust audio hashing for content identification},
    booktitle = {Proceedings of the Conference on Content-Based Multimedia Indexing},
    venue = {Firenze, Italy},
    year = {2001}
}
